% This file was created with JabRef 2.10b2.
% Encoding: UTF-8


@Article{abbas2009,
  Title                    = {A {K}ullback-{L}eibler view of linear and log-linear pools},
  Author                   = {Abbas, Ali E},
  Journal                  = {Decision Analysis},
  Year                     = {2009},
  Number                   = {1},
  Pages                    = {25--37},
  Volume                   = {6},

  Publisher                = {INFORMS}
}

@Article{aitchson1980,
  Title                    = {Logistic-normal distributions: Some properties and uses},
  Author                   = {J. Aitchison and S. M. Shen},
  Journal                  = {Biometrika},
  Year                     = {1980},
  Number                   = {2},
  Pages                    = {261-272},
  Volume                   = {67},

  Owner                    = {lbastos},
  Timestamp                = {2017.02.23}
}

@Article{barcellos2003prevalence,
  Title                    = {Prevalence of and risk factors for {HIV} infection in individuals testing for {HIV} at counseling centers in {Brazil}},
  Author                   = {Barcellos, Nemora Tregnago and Fuchs, Sandra Costa and Fuchs, Flavio Danni},
  Journal                  = {Sexually transmitted diseases},
  Year                     = {2003},
  Number                   = {2},
  Pages                    = {166--173},
  Volume                   = {30},

  Owner                    = {lbastos},
  Publisher                = {LWW},
  Timestamp                = {2017.02.28}
}

@TechReport{BMH2000,
  Title                    = {Bela Vista \& Horizon: Behavioral and serological studies among men who have sex with men},
  Author                   = {{Brazilian Ministry of Health}},
  Institution              = {Bras√≠lia: Brazilian Ministry of Health},
  Year                     = {2000},
  Note                     = {In Portuguese},

  Owner                    = {lbastos},
  Timestamp                = {2017.01.12}
}

@Article{carneiro2003determinants,
  Title                    = {Determinants of human immunodeficiency virus ({HIV}) prevalence in homosexual and bisexual men screened for admission to a cohort study of {HIV} negatives in {Belo Horizonte}, {Brazil: Project Horizonte}},
  Author                   = {Carneiro, Mari{\^a}ngela and Cardoso, Fab{\'\i}ola Adriane and Greco, Mar{\'\i}lia and Oliveira, Edson and Andrade, J{\'u}lio and Greco, Dirceu Bartolomeu and Antunes, Carlos Maur{\'\i}cio de Figueiredo},
  Journal                  = {Mem{\'o}rias do Instituto Oswaldo Cruz},
  Year                     = {2003},
  Number                   = {3},
  Pages                    = {325--329},
  Volume                   = {98},

  Owner                    = {lbastos},
  Publisher                = {{SciELO Brasil}},
  Timestamp                = {2017.02.28}
}

@Article{Coelho2009,
  Title                    = {{{D}ynamic modeling of vaccinating behavior as a function of individual beliefs}},
  Author                   = {Coelho, F. C. and Code\c{c}o, C. T. },
  Journal                  = {PLoS Comput. Biol.},
  Year                     = {2009},

  Month                    = {Jul},
  Number                   = {7},
  Pages                    = {e1000425},
  Volume                   = {5}
}

@Article{genest1986A,
  Title                    = {Characterization of externally Bayesian pooling operators},
  Author                   = {Genest, Christian and McConway, Kevin J and Schervish, Mark J},
  Journal                  = {The Annals of Statistics},
  Year                     = {1986},
  Pages                    = {487--501},

  Publisher                = {JSTOR}
}

@Article{genest1984,
  Title                    = {Aggregating opinions through logarithmic pooling},
  Author                   = {Genest, Christian and Weerahandi, Samaradasa and Zidek, James V},
  Journal                  = {Theory and Decision},
  Year                     = {1984},
  Number                   = {1},
  Pages                    = {61--70},
  Volume                   = {17},

  Publisher                = {Springer}
}

@Article{genest1986B,
  Title                    = {Combining probability distributions: A critique and an annotated bibliography},
  Author                   = {Genest, Christian and Zidek, James V},
  Journal                  = {Statistical Science},
  Year                     = {1986},
  Pages                    = {114--135},

  Publisher                = {JSTOR}
}

@Article{givens1999,
  Title                    = {Logarithmic pooling of priors linked by a deterministic simulation model},
  Author                   = {Givens, Geof H and Roback, Paul J},
  Journal                  = {Journal of Computational and Graphical Statistics},
  Year                     = {1999},
  Number                   = {3},
  Pages                    = {452--478},
  Volume                   = {8},

  Publisher                = {Taylor \& Francis Group}
}

@Article{harrison1999incident,
  Title                    = {Incident HIV infection in a high-risk, homosexual, male cohort in Rio de Janeiro, Brazil.},
  Author                   = {Harrison, Lee H and do Lago, Regina F and Friedman, Ruth K and Rodrigues, J{\'u}nia and Santos, Elizabeth M and de Melo, Maria F{\'a}tima and Moulton, Lawrence H and Schechter, Mauro and Projeto Pra{\c{c}}a Onze Study Group and others},
  Journal                  = {JAIDS Journal of Acquired Immune Deficiency Syndromes},
  Year                     = {1999},
  Number                   = {5},
  Pages                    = {408--412},
  Volume                   = {21},

  Owner                    = {lbastos},
  Publisher                = {LWW},
  Timestamp                = {2017.02.28}
}

@Article{heskes1998,
  Title                    = {Selecting weighting factors in logarithmic opinion pools},
  Author                   = {Heskes, Tom},
  Journal                  = {Advances in neural information processing systems},
  Year                     = {1998},
  Pages                    = {266--272},

  Publisher                = {MORGAN KAUFMANN PUBLISHERS}
}

@Article{jacobs1995,
  Title                    = {Methods for combining experts' probability assessments},
  Author                   = {Jacobs, Robert A},
  Journal                  = {Neural computation},
  Year                     = {1995},
  Number                   = {5},
  Pages                    = {867--888},
  Volume                   = {7},

  Publisher                = {MIT Press}
}

@Article{jaynes1957,
  Title                    = {{Information Theory and Statistical Mechanics. II}},
  Author                   = {{Jaynes}, E.~T.},
  Journal                  = {Physical Review},
  Year                     = {1957},

  Month                    = {Oct},
  Pages                    = {171-190},
  Volume                   = {108},

  Doi                      = {10.1103/PhysRev.108.171}
}

@Article{kass1996,
  Title                    = {The selection of prior distributions by formal rules},
  Author                   = {Kass, Robert E and Wasserman, Larry},
  Journal                  = {Journal of the American Statistical Association},
  Year                     = {1996},
  Number                   = {435},
  Pages                    = {1343--1370},
  Volume                   = {91},

  Publisher                = {Taylor \& Francis Group}
}

@Article{lind1988,
  Title                    = {Pooling expert opinions on probability distributions},
  Author                   = {Lind, Niels C and Nowak, Andrzej S},
  Journal                  = {Journal of engineering mechanics},
  Year                     = {1988},
  Number                   = {2},
  Pages                    = {328--341},
  Volume                   = {114},

  Publisher                = {American Society of Civil Engineers}
}

@Article{malta2010hiv,
  Title                    = {{HIV} prevalence among female sex workers, drug users and men who have sex with men in {Brazil}: a systematic review and meta-analysis},
  Author                   = {Malta, Monica and Magnanini, Monica MF and Mello, Maeve B and Pascom, Ana Roberta P and Linhares, Yohana and Bastos, Francisco I},
  Journal                  = {BMC Public Health},
  Year                     = {2010},
  Number                   = {1},
  Pages                    = {1},
  Volume                   = {10},

  Owner                    = {lbastos},
  Publisher                = {BioMed Central},
  Timestamp                = {2017.02.28}
}

@Article{myung1996,
  Title                    = {Maximum entropy aggregation of expert predictions},
  Author                   = {Myung, In Jae and Ramamoorti, Sridhar and Bailey Jr, Andrew D},
  Journal                  = {Management Science},
  Year                     = {1996},
  Number                   = {10},
  Pages                    = {1420--1436},
  Volume                   = {42},

  Publisher                = {INFORMS}
}

@Article{poole2000,
  Title                    = {Inference for deterministic simulation models: the Bayesian melding approach},
  Author                   = {Poole, David and Raftery, Adrian E},
  Journal                  = {Journal of the American Statistical Association},
  Year                     = {2000},
  Number                   = {452},
  Pages                    = {1244--1255},
  Volume                   = {95},

  Publisher                = {Taylor \& Francis Group}
}

@InCollection{raftery2007,
  Title                    = {Estimating the integrated likelihood via posterior simulation using the harmonic mean identity},
  Author                   = {Raftery, Adrian E and Newton, Michael A and Satagopan, Jaya M and Krivitsky, Pavel N},
  Booktitle                = {{B}ayesian Statistics},
  Publisher                = {Oxford University Press},
  Year                     = {2007},
  Editor                   = {Bernardo,J. M. and Bayarri, M. J. and Berger, J. O. and Dawid, A. P. and Heckerman, D. and Smith, A. F. M. and West, M.},
  Pages                    = {1--45}
}

@Article{roback2001,
  Title                    = {Supra-bayesian pooling of priors linked by a deterministic simulation model},
  Author                   = {Roback, Paul J and Givens, Geof H},
  Journal                  = {Communications in Statistics-Simulation and Computation},
  Year                     = {2001},
  Number                   = {3},
  Pages                    = {447--476},
  Volume                   = {30},

  Publisher                = {Taylor \& Francis}
}

@Book{robert2001,
  Title                    = {The Bayesian Choice: From Decision-Theoretic Foundations to Computational Implementation (Springer Texts in Statistics) by},
  Author                   = {Robert, Christian P},
  Publisher                = {Springer-Verlag New York},
  Year                     = {2001}
}

@Book{rothman2008,
  Title                    = {Modern Epidemiology},
  Author                   = {Kenneth J. Rothman and Sander Greenland and TImithy L. Lash},
  Publisher                = {Lippincott Williams \& Wilkins},
  Year                     = {2008},
  Edition                  = {3rd.},

  Owner                    = {lbastos},
  Timestamp                = {2017.03.02}
}

@Article{rufo2012A,
  Title                    = {Log-Linear Pool to Combine Prior Distributions: A Suggestion for a Calibration-Based Approach},
  Author                   = {Rufo, MJ and Martin, J and P{\'e}rez, CJ and others},
  Journal                  = {Bayesian Analysis},
  Year                     = {2012},
  Number                   = {2},
  Pages                    = {411--438},
  Volume                   = {7},

  Publisher                = {International Society for Bayesian Analysis}
}

@Article{rufo2012B,
  Title                    = {A Bayesian approach to aggregate experts‚Äô initial information},
  Author                   = {Rufo, Mar{\'\i}a Jes{\'u}s and P{\'e}rez, Carlos J and Mart{\'\i}n, Jacinto and others},
  Journal                  = {Electronic Journal of Statistics},
  Year                     = {2012},
  Pages                    = {2362--2382},
  Volume                   = {6},

  Publisher                = {Institute of Mathematical Statistics}
}

@Article{savchuk1994,
  Title                    = {Bayes reliability estimation using multiple sources of prior information: binomial sampling},
  Author                   = {Savchuk, Vladimir P and Martz, Harry F},
  Journal                  = {Reliability, IEEE Transactions on},
  Year                     = {1994},
  Number                   = {1},
  Pages                    = {138--144},
  Volume                   = {43},

  Publisher                = {IEEE}
}

@Misc{stan2014,
  Title                    = {Stan: A C++ Library for Probability and Sampling, Version 2.6.0},

  Author                   = {{Stan Development Team}},
  Year                     = {2014},

  Url                      = {http://mc-stan.org/}
}

@Article{sutmoller2002human,
  Title                    = {Human immunodeficiency virus incidence and risk behavior in the ‚Äò{Projeto Rio}‚Äô: Results of the first 5 years of the {Rio de Janeiro} open cohort of homosexual and bisexual men, 1994--1998},
  Author                   = {Sutmoller, Frits and Penna, Therezinha Lucy and de Souza, Claudia Teresa Vieira and Lambert, John and Oswaldo Cruz Foundation STD/HIV Prevention Group and others},
  Journal                  = {International journal of infectious diseases},
  Year                     = {2002},
  Number                   = {4},
  Pages                    = {259--265},
  Volume                   = {6},

  Owner                    = {lbastos},
  Publisher                = {Elsevier},
  Timestamp                = {2017.02.28}
}

@Article{tun2008sexual,
  Title                    = {Sexual risk behaviours and {HIV} seroprevalence among male sex workers who have sex with men and non-sex workers in {Campinas}, {Brazil}},
  Author                   = {Tun, W and de Mello, M and Pinho, A and Chinaglia, M and Diaz, J},
  Journal                  = {Sexually Transmitted Infections},
  Year                     = {2008},
  Number                   = {6},
  Pages                    = {455--457},
  Volume                   = {84},

  Owner                    = {lbastos},
  Publisher                = {BMJ Publishing Group Ltd},
  Timestamp                = {2017.02.28}
}

@Article{west1984,
  Title                    = {Bayesian aggregation},
  Author                   = {West, Mike},
  Journal                  = {Journal of the Royal Statistical Society. Series A (General)},
  Year                     = {1984},
  Pages                    = {600--607},

  Publisher                = {JSTOR}
}

@Article{yeh2011,
  Title                    = {H{\"o}lder's Inequality and Related Inequalities in Probability},
  Author                   = {Yeh, Cheh-Chih},
  Journal                  = {International Journal of Artificial Life Research (IJALR)},
  Year                     = {2011},
  Number                   = {1},
  Pages                    = {54--61},
  Volume                   = {2},

  Publisher                = {IGI Global}
}
@article{alkema2008,
  title={Bayesian melding for estimating uncertainty in national HIV prevalence estimates},
  author={Alkema, Leontine and Raftery, Adrian E and Brown, Tim},
  journal={Sexually transmitted infections},
  volume={84},
  number={Suppl 1},
  pages={i11--i16},
  year={2008},
  publisher={BMJ Publishing Group Ltd}
}
@inproceedings{zhong2015,
  title={Latent Bayesian melding for integrating individual and population models},
  author={Zhong, Mingjun and Goddard, Nigel and Sutton, Charles},
  booktitle={Advances in Neural Information Processing Systems},
  pages={3618--3626},
  year={2015}
}
@inproceedings{li2017,
  title={Multiple priors integration for reliability estimation using the Bayesian melding method},
  author={Li, Zhaojun Steven and Guo, Jian and Xiao, Ning-Cong and Huang, Wei},
  booktitle={Reliability and Maintainability Symposium (RAMS), 2017 Annual},
  pages={1--6},
  year={2017},
  organization={IEEE}
}